<record><leader>00000cas a22000007a 4500</leader><controlfield tag="001">26864226</controlfield><controlfield tag="008">921026d1931193unmucr ne      0    0eng d</controlfield><datafield ind1=" " ind2=" " tag="010"><subfield code="a">sn 92070481 </subfield></datafield><datafield ind1=" " ind2=" " tag="040"><subfield code="a">NVM</subfield><subfield code="b">eng</subfield><subfield code="c">NVM</subfield><subfield code="d">OCLCQ</subfield></datafield><datafield ind1=" " ind2=" " tag="042"><subfield code="a">msc</subfield></datafield><datafield ind1=" " ind2=" " tag="043"><subfield code="a">n-us-nm</subfield></datafield><datafield ind1="0" ind2="0" tag="245"><subfield code="a">Cavern City chronicle.</subfield></datafield><datafield ind1=" " ind2=" " tag="260"><subfield code="a">Carlsbad, Eddy County, N.M. :</subfield><subfield code="b">Wheeler and Robinson</subfield></datafield><datafield ind1=" " ind2=" " tag="300"><subfield code="a">v.</subfield></datafield><datafield ind1=" " ind2=" " tag="310"><subfield code="a">Semiweekly</subfield></datafield><datafield ind1="0" ind2=" " tag="362"><subfield code="a">Vol. 3, no. 7 (Mar. 20, 1931)-</subfield></datafield><datafield ind1="1" ind2=" " tag="362"><subfield code="a">Ceased with Sept. 29, 1932?</subfield><subfield code="z">Cf. Grove, Pearce, S. /New Mexico newspapers.</subfield></datafield><datafield ind1=" " ind2=" " tag="500"><subfield code="a">Available on microfilm: El Paso, Tex. : Southwest Micropublishing.</subfield></datafield><datafield ind1=" " ind2="4" tag="651"><subfield code="a">Carlsbad (N.M.)</subfield><subfield code="v">Newspapers.</subfield></datafield><datafield ind1=" " ind2="4" tag="651"><subfield code="a">Eddy County (N.M.)</subfield><subfield code="v">Newspapers.</subfield></datafield><datafield ind1=" " ind2=" " tag="752"><subfield code="a">United States</subfield><subfield code="b">New Mexico</subfield><subfield code="c">Eddy</subfield><subfield code="d">Carlsbad.</subfield></datafield><datafield ind1="0" ind2="0" tag="780"><subfield code="t">Cavern city chronicle and Penasco valley press</subfield><subfield code="w">(DLC)sn 92070486</subfield></datafield><datafield ind1="1" ind2=" " tag="029"><subfield code="a">AU@</subfield><subfield code="b">000020726350</subfield></datafield></record>